<?xml version="1.0" encoding="utf-8"?>
<record xmlns="http://www.loc.gov/MARC21/slim" xmlns:xsi="http://www.w3.org/2001/XMLSchema-instance" xsi:schemaLocation="http://www.loc.gov/MARC21/slim http://www.loc.gov/standards/marcxml/schema/MARC21slim.xsd">
	<leader>     nam a22        4500</leader>
	<controlfield tag="001">b12477023</controlfield>
	<controlfield tag="003">LeBAU</controlfield>
	<controlfield tag="006">m        d        </controlfield>
	<controlfield tag="007">cr cn |||m|||a</controlfield>
	<controlfield tag="008">180126s1951    ua      ob    ||1 0 ara d</controlfield>
	<datafield ind1=" " ind2=" " tag="040">
		<subfield code="a">NNU</subfield>
		<subfield code="b">ara</subfield>
		<subfield code="e">rda</subfield>
		<subfield code="c">NNU</subfield>
	</datafield>
	<datafield ind1="1" ind2=" " tag="041">
		<subfield code="a">ara</subfield>
		<subfield code="h">ger</subfield>
	</datafield>
	<datafield ind1="0" ind2="4" tag="082">
		<subfield code="a">492.709</subfield>
		<subfield code="2">22</subfield>
	</datafield>
	<datafield ind1="1" ind2=" " tag="100">
		<subfield code="6">880-01</subfield>
		<subfield code="a">Fuck, Johann,</subfield>
		<subfield code="d">1894-1974,</subfield>
		<subfield code="e">author.</subfield>
	</datafield>
	<datafield ind1="1" ind2="0" tag="240">
		<subfield code="a">Arabiya: Untersuchungen zur arabischen Sprach- und Stilgeschichte.</subfield>
		<subfield code="l">Arabic</subfield>
	</datafield>
	<datafield ind1="1" ind2="0" tag="245">
		<subfield code="6">880-02</subfield>
		<subfield code="a">al-‘Arabīyah :</subfield>
		<subfield code="b">dirāsāt fī al-lughah wa-al-lahajāt wa-al-asālīb /</subfield>
		<subfield code="c">min ‘amal Yūhān Fukk, Johann Fück ; naqalahu ilá al-‘Arabīyah wa-ḥaqqaqahu wa-fahrasa la-hu Duktūr ‘Abd al-Ḥalīm al-Najjār, mudarris bi-Kulliyat al-Ādāb bi-Jāmi‘at Fu’ād al-Awwal ; bi-taṣdīr al-Duktūr Aḥmad Amīn Bik wa-taqdīm al-Duktūr Muḥammad Yūsuf Mūsá.</subfield>
	</datafield>
	<datafield ind1=" " ind2="1" tag="264">
		<subfield code="6">880-03</subfield>
		<subfield code="a">Miṣr :</subfield>
		<subfield code="b">Maktabat al-Khānjī,</subfield>
		<subfield code="c">1370 H. = 1951 M.</subfield>
	</datafield>
	<datafield ind1=" " ind2=" " tag="300">
		<subfield code="6">880-04</subfield>
		<subfield code="a">online resource (d-ẓ, 290 pages)</subfield>
	</datafield>
	<datafield ind1=" " ind2=" " tag="336">
		<subfield code="a">text</subfield>
		<subfield code="2">rdacontent</subfield>
	</datafield>
	<datafield ind1=" " ind2=" " tag="337">
		<subfield code="a">computer</subfield>
		<subfield code="2">rdamedia</subfield>
	</datafield>
	<datafield ind1=" " ind2=" " tag="338">
		<subfield code="a">online resource</subfield>
		<subfield code="2">rdacarrier</subfield>
	</datafield>
	<datafield ind1=" " ind2=" " tag="500">
		<subfield code="a">في رأس العنوان: جماعة الأزهر للنشر والتأليف.</subfield>
	</datafield>
	<datafield ind1=" " ind2=" " tag="500">
		<subfield code="a">Part of the Arabic Collections Online (ACO) project, contributed by American University of Beirut's Jafet Memorial Library.</subfield>
	</datafield>
	<datafield ind1=" " ind2=" " tag="504">
		<subfield code="a">يتضمن مراجع ببليوغرافية وكشاف.</subfield>
	</datafield>
	<datafield ind1=" " ind2=" " tag="533">
		<subfield code="a">Electronic reproduction.</subfield>
		<subfield code="b">New York, N.Y. :</subfield>
		<subfield code="c">New York University,</subfield>
		<subfield code="d">2018.</subfield>
		<subfield code="5">NNU</subfield>
	</datafield>
	<datafield ind1=" " ind2="4" tag="650">
		<subfield code="a">اللغة العربية</subfield>
		<subfield code="x">تاريخ.</subfield>
	</datafield>
	<datafield ind1=" " ind2="4" tag="650">
		<subfield code="a">اللغة العربية</subfield>
		<subfield code="x">قواعد.</subfield>
	</datafield>
	<datafield ind1=" " ind2="4" tag="650">
		<subfield code="a">اللغة العربية</subfield>
		<subfield code="x">الاسلوب.</subfield>
	</datafield>
	<datafield ind1=" " ind2="4" tag="650">
		<subfield code="a">اللغة العربية</subfield>
		<subfield code="x">اللهجات.</subfield>
	</datafield>
	<datafield ind1=" " ind2="0" tag="650">
		<subfield code="a">Arabic language</subfield>
		<subfield code="x">History.</subfield>
	</datafield>
	<datafield ind1=" " ind2="0" tag="650">
		<subfield code="a">Arabic language</subfield>
		<subfield code="x">Grammar.</subfield>
	</datafield>
	<datafield ind1=" " ind2="0" tag="650">
		<subfield code="a">Arabic language</subfield>
		<subfield code="x">Style.</subfield>
	</datafield>
	<datafield ind1=" " ind2="0" tag="650">
		<subfield code="a">Arabic language</subfield>
		<subfield code="x">Dialects.</subfield>
	</datafield>
	<datafield ind1="1" ind2=" " tag="700">
		<subfield code="6">880-05</subfield>
		<subfield code="a">Najjār, ʻAbd al-Ḥalīm,</subfield>
		<subfield code="e">translator.</subfield>
	</datafield>
	<datafield ind1="1" ind2=" " tag="700">
		<subfield code="6">880-06</subfield>
		<subfield code="a">Najjār, ʻAbd al-Ḥalīm,</subfield>
		<subfield code="e">compiler.</subfield>
	</datafield>
	<datafield ind1="1" ind2=" " tag="700">
		<subfield code="6">880-07</subfield>
		<subfield code="a">Amīn, Aḥmad,</subfield>
		<subfield code="d">1886-1954,</subfield>
		<subfield code="e">author of introduction.</subfield>
	</datafield>
	<datafield ind1="1" ind2=" " tag="700">
		<subfield code="6">880-08</subfield>
		<subfield code="a">Mūsá, Muḥammad Yūsuf,</subfield>
		<subfield code="e">author of introduction. </subfield>
	</datafield>
	<datafield ind1="2" ind2=" " tag="710">
		<subfield code="a">Jafet Memorial Library.</subfield>
	</datafield>
	<datafield ind1="0" ind2=" " tag="730">
		<subfield code="a">Arabic Collections Online.</subfield>
	</datafield>
	<datafield ind1="0" ind2=" " tag="765">
		<subfield code="6">880-09</subfield>
		<subfield code="i">ترجمة كتاب:</subfield>
		<subfield code="t">Arabiya :</subfield>
		<subfield code="b">untersuchungen zur arabischen sprach-und stilgeschichte</subfield>
		<subfield code="d">Berlin : Akademie-Verlag, 1950</subfield>
		<subfield code="w">(OCoLC)786465992</subfield>
		<subfield code="w">(OCoLC)786465992</subfield>
		<subfield code="a">Translation of:</subfield>
	</datafield>
	<datafield ind1="0" ind2="8" tag="776">
		<subfield code="i">Print version:</subfield>
		<subfield code="a">Fuck, Johann, 1894-1974, author.</subfield>
		<subfield code="t">al-‘Arabīyah</subfield>
		<subfield code="w">(LeBAU)b12477023</subfield>
	</datafield>
	<datafield ind1="4" ind2="0" tag="856">
		<subfield code="u">http://hdl.handle.net/2333.1/vmcvdtvr</subfield>
	</datafield>
	<datafield ind1="1" ind2=" " tag="880">
		<subfield code="6">100-01/(3/r</subfield>
		<subfield code="a">فك، يوهان</subfield>
		<subfield code="d">1894-1974،</subfield>
		<subfield code="e">مؤلف. </subfield>
		<subfield code="4">aut.</subfield>
	</datafield>
	<datafield ind1="1" ind2="3" tag="880">
		<subfield code="6">245-02/(3/r</subfield>
		<subfield code="a">العربية :</subfield>
		<subfield code="b">دراسات في اللغة و اللهجات و الأساليب /</subfield>
		<subfield code="c">من عمل يوهان فك، Johann Fück ؛ نقله الى العربية وحققه وفهرس له دكتور عبد الحليم النجار، مدرس بكلية الآداب بجامعة فؤاد الأول ؛ بتصدير الدكتور أحمد أمين بك وتقديم الدكتور محمد يوسف موسى.</subfield>
	</datafield>
	<datafield ind1=" " ind2="1" tag="880">
		<subfield code="6">264-03/(3/r</subfield>
		<subfield code="a">مصر :</subfield>
		<subfield code="b">مكتبة الخانجي،</subfield>
		<subfield code="c">1370 هـ. = 1951 م.</subfield>
	</datafield>
	<datafield ind1=" " ind2=" " tag="880">
		<subfield code="6">300-04/(3/r</subfield>
		<subfield code="a">د-ظ، 290 صفحة ؛</subfield>
		<subfield code="c">24 سم</subfield>
	</datafield>
	<datafield ind1="1" ind2=" " tag="880">
		<subfield code="6">700-05/(3/r</subfield>
		<subfield code="a">النجار، عبد الحليم،</subfield>
		<subfield code="e">مترجم. </subfield>
		<subfield code="4">trl.</subfield>
	</datafield>
	<datafield ind1="1" ind2=" " tag="880">
		<subfield code="6">700-06/(3/r</subfield>
		<subfield code="a">النجار، عبد الحليم،</subfield>
		<subfield code="e">معد. </subfield>
		<subfield code="4">com.</subfield>
	</datafield>
	<datafield ind1="1" ind2=" " tag="880">
		<subfield code="6">700-07/(3/r</subfield>
		<subfield code="a">امين، احمد،</subfield>
		<subfield code="d">1886-1954،</subfield>
		<subfield code="e">مؤلف مقدمة. </subfield>
		<subfield code="4">aui.</subfield>
	</datafield>
	<datafield ind1="1" ind2=" " tag="880">
		<subfield code="6">700-08/(3/r</subfield>
		<subfield code="a">موسى، محمد يوسف،</subfield>
		<subfield code="e">مؤلف مقدمة. </subfield>
		<subfield code="4">aui.</subfield>
	</datafield>
	<datafield ind1="0" ind2=" " tag="880">
		<subfield code="6">765-09/(3/r</subfield>
		<subfield code="a">Translation of:</subfield>
		<subfield code="t">Arabiya :</subfield>
		<subfield code="b">untersuchungen zur arabischen sprach-und stilgeschichte</subfield>
		<subfield code="d">Berlin : Akademie-Verlag, 1950</subfield>
		<subfield code="w">b11928700</subfield>
		<subfield code="w">(OCoLC)786465992</subfield>
	</datafield>
	<datafield ind1=" " ind2=" " tag="959">
		<subfield code="a">NNU</subfield>
		<subfield code="b">WEB</subfield>
		<subfield code="c">GENI</subfield>
		<subfield code="t">0</subfield>
		<subfield code="m">Electronic access</subfield>
		<subfield code="s">01</subfield>
	</datafield>
	<datafield ind1=" " ind2=" " tag="999">
		<subfield code="i">LeBAU_b12477023</subfield>
		<subfield code="s">aub_aco001516</subfield>
		<subfield code="e">(ERROR-880)(ERROR-MISC)</subfield>
	</datafield>
</record>
